[gd_scene load_steps=13 format=2]

[ext_resource path="res://Ship.tscn" type="PackedScene" id=1]
[ext_resource path="res://AsteroidRemains.tscn" type="PackedScene" id=2]
[ext_resource path="res://res/Font.tres" type="DynamicFont" id=3]
[ext_resource path="res://res/pause.png" type="Texture" id=4]
[ext_resource path="res://res/ammo.png" type="Texture" id=5]
[ext_resource path="res://res/FontBig.tres" type="DynamicFont" id=6]
[ext_resource path="res://res/captain_scurvy.ogg" type="AudioStream" id=7]
[ext_resource path="res://background/Background.tscn" type="PackedScene" id=8]

[sub_resource type="GDScript" id=1]
script/source = "extends Node

const SPAWN_WIDTH = 130

const ASTEROID = preload(\"Asteroid.tscn\")
const STAR = preload(\"Star.tscn\")
const POWERUP = preload(\"Powerup.tscn\")
const GAME_OVER_SCREEN = preload(\"GameOver.tscn\")
var _game_over_screen

var userdata = preload(\"Data.gd\").new()

var stars = 0
var asteroids = 0
var score = 0
var time = 0

var speed
var time_since_spawn = -2

# spawn more asteroids every other row
var spawn_asteroids = false

const POWERUP_COOLDOWN = 40
var powerup_cooldown = POWERUP_COOLDOWN

var game_is_over = false

func _ready():
	_game_over_screen = GAME_OVER_SCREEN.instance()
	find_node(\"Pause\").connect(\"pressed\", self, \"_pause\")
	randomize()

	if userdata.music:
		find_node(\"Music\").play()

func pick_spawn():
	var r = randi() % 6
	if r == 1:
		return ASTEROID.instance()
	elif r == 2 and spawn_asteroids:
		return ASTEROID.instance()
	elif r == 3 and randi() % 4 == 0:
		return STAR.instance()

func _process(delta):
	time += delta
	
	if game_is_over:
		if speed > 0: speed -= delta * 150
		else: speed = 0
	else:
		speed = 50 * log(time + 100) * $Ship.speed_boost

		if time_since_spawn > SPAWN_WIDTH / float(speed):
			time_since_spawn = 0
			powerup_cooldown -= 1
			spawn_asteroids = !spawn_asteroids
	
			var width = get_viewport().size.x
			var spawn_num = int(floor(width / SPAWN_WIDTH))
			for i in range(spawn_num):
				var spawn = pick_spawn()
				if powerup_cooldown < 0:
					if randi() % spawn_num == i:
						powerup_cooldown = POWERUP_COOLDOWN
						spawn = POWERUP.instance()
				if spawn == null: continue
	
				spawn.position.x = (i * SPAWN_WIDTH) + ((int(width) % SPAWN_WIDTH) / 2) + SPAWN_WIDTH / 2
				if i % 2 == 0:
					spawn.position.y = -SPAWN_WIDTH
				else:
					spawn.position.y = -SPAWN_WIDTH * 1.5
				add_child(spawn)

	time_since_spawn += delta
	if time_since_spawn > 0:
		score += round(speed * delta * 4)
		find_node(\"Score\").text = String(score)

	find_node(\"AmmoBar\").value = find_node(\"Ship\").ammo
	if find_node(\"Ship\").no_ammo_warning > 0:
		find_node(\"NoAmmo\").show()
	else:
		find_node(\"NoAmmo\").hide()

func game_over():
	if not game_is_over:
		game_is_over = true
		add_child(_game_over_screen)

		userdata.stars += stars
		userdata.asteroids += asteroids
		if score > userdata.high_score:
			userdata.high_score = score

		$Music.stop()
		find_node(\"TopBar\").hide()
		
func _pause():
	get_tree().paused = true
	find_node(\"Paused\").show()"

[sub_resource type="Animation" id=2]
resource_name = "FadeOut"
length = 4.0
tracks/0/type = "value"
tracks/0/path = NodePath(".:modulate")
tracks/0/interp = 1
tracks/0/loop_wrap = true
tracks/0/imported = false
tracks/0/enabled = true
tracks/0/keys = {
"times": PoolRealArray( 0, 3.5, 4 ),
"transitions": PoolRealArray( 1, 1, 1 ),
"update": 0,
"values": [ Color( 1, 1, 1, 1 ), Color( 1, 1, 1, 1 ), Color( 1, 1, 1, 0 ) ]
}

[sub_resource type="GDScript" id=3]
script/source = "extends Control

func _process(delta):
	if visible and Input.is_mouse_button_pressed(BUTTON_LEFT):
		get_tree().paused = false
		hide()
"

[sub_resource type="Theme" id=4]

[node name="Root" type="Node"]
script = SubResource( 1 )

[node name="Ship" parent="." instance=ExtResource( 1 )]
position = Vector2( 260, 80 )

[node name="MakeAsteroidRemainsNotStutterTheFirstTimeTheyAreLoaded" parent="." instance=ExtResource( 2 )]
modulate = Color( 1, 1, 1, 0 )

[node name="CanvasLayer" type="CanvasLayer" parent="."]

[node name="Tutorial" type="VBoxContainer" parent="CanvasLayer"]
anchor_right = 1.0
anchor_bottom = 1.0
mouse_filter = 2
custom_constants/separation = 20
alignment = 1

[node name="Label" type="Label" parent="CanvasLayer/Tutorial"]
margin_top = 289.0
margin_right = 780.0
margin_bottom = 339.0
custom_fonts/font = ExtResource( 3 )
text = "Tilt device to dodge"
align = 1
autowrap = true

[node name="Label2" type="Label" parent="CanvasLayer/Tutorial"]
margin_top = 359.0
margin_right = 780.0
margin_bottom = 409.0
custom_fonts/font = ExtResource( 3 )
text = "Tap to shoot asteroids"
align = 1
autowrap = true

[node name="Label3" type="Label" parent="CanvasLayer/Tutorial"]
margin_top = 429.0
margin_right = 780.0
margin_bottom = 479.0
custom_fonts/font = ExtResource( 3 )
text = "Collect stars to recharge laser"
align = 1
autowrap = true

[node name="NoAmmo" type="VBoxContainer" parent="CanvasLayer"]
anchor_right = 1.0
anchor_bottom = 1.0
mouse_filter = 2
custom_constants/separation = 20
alignment = 1

[node name="Label" type="Label" parent="CanvasLayer/NoAmmo"]
margin_top = 359.0
margin_right = 780.0
margin_bottom = 409.0
custom_fonts/font = ExtResource( 3 )
text = "Collect More Stars!"
align = 1
autowrap = true
uppercase = true

[node name="FadeTutorial" type="AnimationPlayer" parent="CanvasLayer"]
root_node = NodePath("../Tutorial")
autoplay = "FadeOut"
anims/FadeOut = SubResource( 2 )

[node name="TopBar" type="HBoxContainer" parent="CanvasLayer"]
anchor_right = 1.0
margin_bottom = 70.0

[node name="Pause" type="Button" parent="CanvasLayer/TopBar"]
margin_right = 62.0
margin_bottom = 70.0
icon = ExtResource( 4 )
flat = true

[node name="AmmoBar" type="TextureProgress" parent="CanvasLayer/TopBar"]
margin_left = 66.0
margin_top = 18.0
margin_right = 748.0
margin_bottom = 51.0
size_flags_horizontal = 3
size_flags_vertical = 4
max_value = 5.0
value = 5.0
rounded = true
texture_progress = ExtResource( 5 )

[node name="Score" type="Label" parent="CanvasLayer/TopBar"]
margin_left = 752.0
margin_right = 780.0
margin_bottom = 70.0
custom_fonts/font = ExtResource( 6 )
text = "0"

[node name="Paused" type="Control" parent="CanvasLayer"]
pause_mode = 2
visible = false
anchor_right = 1.0
anchor_bottom = 1.0
script = SubResource( 3 )

[node name="Overlay" type="ColorRect" parent="CanvasLayer/Paused"]
anchor_right = 1.0
anchor_bottom = 1.0
color = Color( 0, 0, 0, 0.862745 )

[node name="VBoxContainer" type="VBoxContainer" parent="CanvasLayer/Paused"]
anchor_right = 1.0
anchor_bottom = 1.0
theme = SubResource( 4 )
alignment = 1

[node name="Label" type="Label" parent="CanvasLayer/Paused/VBoxContainer"]
margin_top = 238.0
margin_right = 600.0
margin_bottom = 308.0
custom_fonts/font = ExtResource( 6 )
text = "PAUSED"
align = 1

[node name="Label2" type="Label" parent="CanvasLayer/Paused/VBoxContainer"]
margin_top = 312.0
margin_right = 600.0
margin_bottom = 362.0
custom_fonts/font = ExtResource( 3 )
text = "Tap to continue"
align = 1
autowrap = true

[node name="Music" type="AudioStreamPlayer" parent="."]
stream = ExtResource( 7 )
volume_db = -1.0

[node name="Background" parent="." instance=ExtResource( 8 )]
